% HERE PUT YOUR BIBTEX ENTRIES
% Cho19 - On the measure of intelligence
@article{Cho19,
  title   = {On the measure of intelligence},
  author  = {Chollet, Fran√ßois},
  journal = {arXiv preprint arXiv:1911.01547},
  year    = {2019}
}
