% kitchenham2004
@article{kitchenham2004procedures,
  title     = {Procedures for performing systematic reviews},
  author    = {Kitchenham, Barbara},
  journal   = {Keele, UK, Keele University},
  volume    = {33},
  number    = {2004},
  pages     = {1--26},
  year      = {2004},
  publisher = {Citeseer}
}

@misc{vesely2008arbol,
  author       = {Veselý, Arnošt},
  title        = {Árbol de problemas: Una herramienta para el análisis de políticas públicas},
  year         = {2008},
  howpublished = {\url{https://www.researchgate.net/publication/242043282}}
}